@ONLINE{web:Gmane:Sparse043,
  key =          {www, Gmane, sparse, sparse 0.4.3},
  publisher =    {Gmane},
  author =       {Christopher Li},
  title =        {sparse 0.4.3},
  date =         {2010-11-03},
  urldate =      {2010-12-09},
  url =          {http://article.gmane.org/gmane.comp.parsers.sparse/2378},
}

@ONLINE{web:FITVUTBR:MartinNagy:StaticAnalysis,
  key =          {www, FIT VUT, Martin Nagy, Static Analysis of C Programs in Sparse and Similar Tools},
  publisher =    {FIT VUT v Brně},
  author =       {Martin Nagy},
  title =        {Static Analysis of C Programs in Sparse and Similar Tools},
  urldate =      {2010-12-07},
  note =         {Bakalářská práce},
  url =          {http://www.fit.vutbr.cz/study/DP/BP.php?id=7984&y=2008},
}

@ONLINE{web:Wiki:Sparse,
  key =          {www, Wiki, Sparse},
  publisher =    {Wikipedia, the free encyclopedia},
  title =        {Sparse},
  date =         {2010-11-15},
  urldate =      {2010-12-09},
  url =          {http://en.wikipedia.org/wiki/Sparse},
}

@ONLINE{web:kernel.org:SparseDist,
  key =          {www, kernel.org, sparse dist},
  publisher =    {Linux Kernel Organization},
  title =        {Index of /pub/software/devel/sparse/dist},
  urldate =      {2010-12-09},
  url =          {http://www.kernel.org/pub/software/devel/sparse/dist/},
}

@ONLINE{web:MjmWired:SparseTxt,
  key =          {www, mjm wired, sparse.txt},
  publisher =    {Mauriat Miranda},
  title =        {Linux Kernel Documentation: sparse.txt},
  date =         {2010-10-22},
  urldate =      {2010-12-07},
  note =         {Based on kernel version 2.6.36},
  url =          {http://www.mjmwired.net/kernel/Documentation/sparse.txt},
}

@MICS{manual:sparse,
  title =        {Manuálová stránka \texttt{sparse(1)}},
  author =       {Josh Triplett},
  note =         {Viz též http://linux.die.net/man/1/sparse},
}

@MICS{manual:cgcc,
  title =        {Manuálová stránka \texttt{cgcc(1)}},
  author =       {Josh Triplett},
  note =         {Viz též http://linux.die.net/man/1/cgcc},
}

@ONLINE{web:FITVUTBR:VeriFIT:CodeListener,
  key =          {www, FIT VUT, VeriFIT, CodeListener},
  publisher =    {FIT VUT v Brně, výzkumná skupina automatizované analýzy a verifikace -- VeriFIT},
  author =       {Kamil Dudka and Petr Peringer and Tomáš Vojnar},
  title =        {An Easy to Use Infrastructure for Building Static Analysis Tools},
  urldate =      {2010-12-07},
  url =          {http://www.fit.vutbr.cz/research/groups/verifit/tools/code-listener/},
}
